% This file was created with JabRef 2.5.
% Encoding: UTF-8

@INPROCEEDINGS{Aiken1998BI,
  author = {Aiken, Alexander and Gay, David},
  title = {Barrier inference},
  booktitle = {Proceedings of the 25th ACM SIGPLAN-SIGACT symposium on Principles
	of programming languages},
  year = {1998},
  series = {POPL '98},
  pages = {342--354},
  address = {New York, NY, USA},
  publisher = {ACM},
  acmid = {268974},
  doi = {http://doi.acm.org/10.1145/268946.268974},
  isbn = {0-89791-979-3},
  location = {San Diego, California, United States},
  numpages = {13},
  owner = {amorvan},
  timestamp = {2012.02.09},
  url = {http://doi.acm.org/10.1145/268946.268974}
}

@INPROCEEDINGS{Andrade2009TVD,
  author = {Andrade, Diego and Fraguela, Basilio B. and Brodman, James and Padua,
	David},
  title = {Task-Parallel versus Data-Parallel Library-Based Programming in Multicore
	Systems},
  booktitle = {Proceedings of the 2009 17th Euromicro International Conference on
	Parallel, Distributed and Network-based Processing},
  year = {2009},
  pages = {101--110},
  address = {Washington, DC, USA},
  publisher = {IEEE Computer Society},
  acmid = {1549695},
  doi = {10.1109/PDP.2009.54},
  isbn = {978-0-7695-3544-9},
  keywords = {multicore, data-parallel, task-parallel, parallel programming, tiling},
  numpages = {10},
  owner = {amorvan},
  timestamp = {2012.02.09},
  url = {http://dl.acm.org/citation.cfm?id=1548888.1549695}
}

@ARTICLE{Basili2008UHC,
  author = {Basili, Victor R. and Carver, Jeffrey C. and Cruzes, Daniela and
	Hochstein, Lorin M. and Hollingsworth, Jeffrey K. and Shull, Forrest
	and Zelkowitz, Marvin V.},
  title = {Understanding the High-Performance-Computing Community: A Software
	Engineer's Perspective},
  journal = {IEEE Softw.},
  year = {2008},
  volume = {25},
  pages = {29--36},
  month = {July},
  acmid = {1383170},
  address = {Los Alamitos, CA, USA},
  doi = {10.1109/MS.2008.103},
  issn = {0740-7459},
  issue = {4},
  keywords = {high-performance computing, computational science, empirical software
	engineering, productivity},
  numpages = {8},
  owner = {amorvan},
  publisher = {IEEE Computer Society Press},
  timestamp = {2012.02.09},
  url = {http://dl.acm.org/citation.cfm?id=1383046.1383170}
}

@INPROCEEDINGS{Blumofe95cilk,
  author = {Robert D. Blumofe and Christopher F. Joerg and Bradley C. Kuszmaul
	and Charles E. Leiserson and Keith H. Randall and Yuli Zhou},
  title = {Cilk: An Efficient Multithreaded Runtime System},
  booktitle = {JOURNAL OF PARALLEL AND DISTRIBUTED COMPUTING},
  year = {1995},
  pages = {207--216},
  owner = {amorvan},
  timestamp = {2012.02.09}
}

@INPROCEEDINGS{Boehm2005TCI,
  author = {Boehm, Hans-J.},
  title = {Threads cannot be implemented as a library},
  booktitle = {Proceedings of the 2005 ACM SIGPLAN conference on Programming language
	design and implementation},
  year = {2005},
  series = {PLDI '05},
  pages = {261--268},
  address = {New York, NY, USA},
  publisher = {ACM},
  acmid = {1065042},
  doi = {http://doi.acm.org/10.1145/1065010.1065042},
  isbn = {1-59593-056-6},
  keywords = {data race, optimization, pthreads, register promotion, threads},
  location = {Chicago, IL, USA},
  numpages = {8},
  owner = {amorvan},
  timestamp = {2012.02.09},
  url = {http://doi.acm.org/10.1145/1065010.1065042}
}

@ARTICLE{Chazan:1969:CR,
  author = {D. Chazan and W. L. Miranker},
  title = {Chaotic Relaxation},
  journal = {Linear Algebra and its Applications},
  year = {1969},
  volume = {2},
  pages = {199--222},
  bibsource = {/usr/local/src/bib/bibliography/Parallel/Multi.bib},
  coden = {LAAPAW},
  issn = {0024-3795},
  key = {Chazan \& Miranker},
  owner = {amorvan},
  timestamp = {2012.02.09}
}

@INPROCEEDINGS{5470425,
  author = {Yi Guo and Jisheng Zhao and Cave, V. and Sarkar, V.},
  title = {SLAW: A scalable locality-aware adaptive work-stealing scheduler},
  booktitle = {Parallel Distributed Processing (IPDPS), 2010 IEEE International
	Symposium on},
  year = {2010},
  pages = {1 -12},
  month = {april},
  doi = {10.1109/IPDPS.2010.5470425},
  issn = {1530-2075},
  keywords = {SLAW scheduler;bounded stack usage;fixed task scheduling policy;help-first
	policies;locality-oblivious scheduling;programming models;recursive
	parallel computations;scalable locality-aware adaptive work-stealing
	scheduler;temporal data reuse;work-first policies;mobile computing;parallel
	programming;scheduling;},
  owner = {amorvan},
  timestamp = {2012.02.09}
}

@INPROCEEDINGS{Kasim2008SPP,
  author = {Kasim, Henry and March, Verdi and Zhang, Rita and See, Simon},
  title = {Survey on Parallel Programming Model},
  booktitle = {Proceedings of the IFIP International Conference on Network and Parallel
	Computing},
  year = {2008},
  series = {NPC '08},
  pages = {266--275},
  address = {Berlin, Heidelberg},
  publisher = {Springer-Verlag},
  acmid = {1478146},
  doi = {http://dx.doi.org/10.1007/978-3-540-88140-7_24},
  isbn = {978-3-540-88139-1},
  keywords = {CUDA, Fortress, MPI, OpenMP, Pthreads, UPC, distributed memory, shared
	memory},
  location = {Shanghai, China},
  numpages = {10},
  owner = {amorvan},
  timestamp = {2012.02.09},
  url = {http://dx.doi.org/10.1007/978-3-540-88140-7_24}
}


@INPROCEEDINGS{Keutzer2010DPL,
  author = {Keutzer, Kurt and Massingill, Berna L. and Mattson, Timothy G. and
	Sanders, Beverly A.},
  title = {A Design Pattern Language for Engineering (parallel) Software: merging
	the PLPP and OPL projects},
  booktitle = {Proceedings of the 2010 Workshop on Parallel Programming Patterns},
  year = {2010},
  series = {ParaPLoP '10},
  pages = {9:1--9:8},
  address = {New York, NY, USA},
  publisher = {ACM},
  acmid = {1953620},
  articleno = {9},
  doi = {http://doi.acm.org/10.1145/1953611.1953620},
  isbn = {978-1-4503-0127-5},
  keywords = {design patterns, parallel programming, pattern language},
  location = {Carefree, Arizona},
  numpages = {8},
  owner = {amorvan},
  timestamp = {2012.02.09},
  url = {http://doi.acm.org/10.1145/1953611.1953620}
}

@ARTICLE{1011394,
  author = {O'Boyle, M. and Stohr, E.},
  title = {Compile Time Barrier Synchronization Minimization},
  journal = {Parallel and Distributed Systems, IEEE Transactions on},
  year = {2002},
  volume = {13},
  pages = {529 -543},
  number = {6},
  month = {jun},
  doi = {10.1109/TPDS.2002.1011394},
  issn = {1045-9219},
  keywords = {IF constructs;SGI Origin 2000;barrier placement;benchmarks;compile
	time barrier synchronization minimization;compiler optimization;complexity;control-flow
	programs;data dependences;execution time;experiments;graph algorithms;multiprocessing
	system;parallelized programs;parallelizing compiler;perfect loop
	nests;program loops;subroutines;minimisation;multiprocessing systems;optimising
	compilers;parallel programming;parallelising compilers;program control
	structures;synchronisation;},
  owner = {amorvan},
  timestamp = {2012.02.09}
}

@MANUAL{XtextManual,
  title = {Xtext User Guide},
  organization = {Itemis},
  owner = {amorvan},
  timestamp = {2011.10.11}
}

@PHDTHESIS{these_anfloch,
  author = {Floc'h, Antoine},
  title = {Compilation optimisante pour processeurs extensibles},
  school = {Unniversit\'e de Rennes 1, France},
  year = {2012},
  month = June
}

@PHDTHESIS{these_erraffin,
  author = {Raffin, Erwan},
  title = {D\'eploiement d'applications multim\'edia sur architecture reconfigurable \`a gros grain : mod\'elisation avec la programmation par contraintes},
  school = {Unniversit\'e de Rennes 1, France},
  year = {2011},
  month = July
}
