@incollection {_publi_perso1,
   author = {Tutu and Tata},
   title = {Latex Rox},
   booktitle = {Extra book},
   series = {Lectures},
   editor = {Editors},
   publisher = {Publisher},
   pages = {1-10},
   volume = {42},
   year = {2000}
}

@inproceedings{_publi_perso2,
  author    = {Toto and Titi},
  title     = {Efficient thesis writing},
  booktitle = {somebook},
  year      = {2000},
  pages     = {1-10},
}
